% This file was created with JabRef 2.10.
% Encoding: UTF-8


@Book{ahlfors:complex_analysis:1979,
  Title                    = {Complex Analysis},
  Author                   = {Lars V. Ahlfors},
  Publisher                = {Mc Graw Hill Education},
  Year                     = {1979},
  Edition                  = {Third Edition}
}

@Book{bourbaki:general_topology:1995,
  Title                    = {General Topology - Chapters 1-4},
  Author                   = {Nicolas Bourbaki},
  Publisher                = {Springer-Verlag Berlin Heidelberg},
  Year                     = {1995},
  Edition                  = {Elements of Mathematics}
}

@Book{cohn:measure_theory:2013,
  Title                    = {Measure Theory},
  Author                   = {Donald L. Cohn},
  Publisher                = {Springer},
  Year                     = {2013},
  Edition                  = {Second edition}
}

@Book{elstrodt:mass:2011,
  Title                    = {Mass- und Integrationstheorie},
  Author                   = {J\"urgen Elstrodt},
  Publisher                = {Springer Verlag},
  Year                     = {2011},
  Edition                  = {7.,korrigierte und aktualisierte Auflage}
}

@Book{fischer:funktionentheorie:2003,
  Title                    = {Funktionentheorie: Komplexe Analysis in einer Ver{\"a}nderlichen},
  Author                   = {Fischer, Wolfgang and Lieb, Ingo},
  Publisher                = {Vieweg+Teubner Verlag},
  Year                     = {2003},
  Edition                  = {8. Auflage},
  Series                   = {vieweg studium; Aufbaukurs Mathematik},

  Owner                    = {ybaehn},
  Timestamp                = {2017.07.15}
}

@Book{folland:real_analysis:1999,
  Title                    = {Real Analysis},
  Author                   = {Gerald B. Folland},
  Publisher                = {John Wiley \& Sons, Inc.},
  Year                     = {1999},
  Edition                  = {Second Edition}
}

@Book{gamelin:complex_analysis:2001,
  Title                    = {Complex Analysis},
  Author                   = {Theodore W. Gamelin},
  Publisher                = {Springer},
  Year                     = {2001}
}

@Book{grafakos:fourier:2014,
  Title                    = {Classical Fourier Analysis},
  Author                   = {Loukas Grafakos},
  Publisher                = {Springer Science + Business Media New York},
  Year                     = {2014},
  Edition                  = {Third Edition}
}

@Book{jikov:homogenization:1994,
  Title                    = {Homogenization of Differential Operators and Integral Functionals},
  Author                   = {Jikov, V.V. and Kozlov, S.M. and Oleinik, O.A.},
  Publisher                = {Springer-Verlag Berlin Heidelberg},
  Year                     = {1994},

  Owner                    = {ybaehn},
  Timestamp                = {2017.07.14}
}

@Book{lang:complex_analysis:1993,
  Title                    = {Complex Analysis},
  Author                   = {Serge Lang},
  Publisher                = {Springer-Verlag},
  Year                     = {1993},
  Edition                  = {Third Edition}
}

@Book{lee:topological_manifolds:2011,
  Title                    = {Introduction to Topological Manifolds},
  Author                   = {John M. Lee},
  Publisher                = {Springer Science+Business Media},
  Year                     = {2011},
  Edition                  = {Second Edition}
}

@Book{wong:weyl_transforms:1998,
  Title                    = {Weyl Transforms},
  Author                   = {M.W.Wong},
  Publisher                = {Springer},
  Year                     = {1998}
}

@Book{munkres:topology:2000,
  Title                    = {Topology},
  Author                   = {James R. Munkres},
  Publisher                = {Prentice Hall},
  Year                     = {2000},
  Edition                  = {Second edition}
}

@Book{quarteroni2000numerical,
  Title                    = {Numerical Mathematics},
  Author                   = {Quarteroni, A. and Sacco, R. and Saleri, F.},
  Publisher                = {Springer},
  Year                     = {2000},
  Series                   = {Texts in applied mathematics},

  ISBN                     = {9780387989594},
  Lccn                     = {99059414}
}

@Book{rudin:rc_analysis:1987,
  Title                    = {Real and Complex Analysis},
  Author                   = {Walter Rudin},
  Publisher                = {McGraw-Hill Book Company},
  Year                     = {1987},
  Edition                  = {Third Edition}
}

@Book{rao:complex_analysis:1991,
  Title                    = {Complex Analysis - An Invitation},
  Author                   = {Murali Rao \and Henrik Stetk{\ae}r},
  Publisher                = {World Scientific},
  Year                     = {1991}
}

@Book{weisstein2002crc,
  Title                    = {CRC Concise Encyclopedia of Mathematics, Second Edition},
  Author                   = {Weisstein, E.W.},
  Publisher                = {CRC Press},
  Year                     = {2002},

  ISBN                     = {9781420035223}
}

@Book{zorich:analysis_I:2004,
  Title                    = {Mathematical Analysis I},
  Author                   = {Vladimir A. Zorich},
  Publisher                = {Springer-Verlag Berlin Heidelberg},
  Year                     = {2004}
}

